<?xml version="1.0" encoding="UTF-8"?><collection xmlns="http://www.loc.gov/MARC21/slim"><record><leader>00501nam--2200145-i-4500</leader><controlfield tag="001">000040156</controlfield><controlfield tag="002">20161230</controlfield><controlfield tag="005">20161230201042</controlfield><controlfield tag="008">060222s1000------------r-----000-0-eng-d</controlfield><datafield ind1=" " ind2=" " tag="080"><subfield code="a">621.3.015.3:621.316.93</subfield></datafield><datafield ind1=" " ind2=" " tag="100"><subfield code="a">Rusck, Sune</subfield></datafield><datafield ind1=" " ind2=" " tag="245"><subfield code="a">Induced lichtning over-voltages on  powertransmission lines with special reference to the over-voltage protection of low-voltage networks</subfield></datafield><datafield ind1=" " ind2=" " tag="260"><subfield code="a">Goteborg, Elanders Boktryckeri Aktiebolag, 1958, 118p</subfield></datafield><datafield ind1=" " ind2=" " tag="490"><subfield code="a">Trans.Roy. Insst.Techn</subfield></datafield><datafield ind1=" " ind2=" " tag="852"><subfield code="a">12470</subfield></datafield></record></collection>